@article{Fortin2012DEAP:Easy,
    title = {{DEAP: Evolutionary Algorithms Made Easy}},
    year = {2012},
    journal = {Journal of Machine Learning Research},
    author = {Fortin, Félix-Antoine and Rainville, Francois-Michel De and Gardner, Marc-André and Parizeau, Marc and Gagn{\'{e}}, Christian},
    pages = {2171--2175},
    volume = {13},
    url = {http://www.jmlr.org/papers/volume13/fortin12a/fortin12a.pdf},
    keywords = {distributed evolutionary algorithms, software tools}
}
